@article{kamiya2002ccfinder,
  title={CCFinder: a multilinguistic token-based code clone detection system for large scale source code},
  author={Kamiya, Toshihiro and Kusumoto, Shinji and Inoue, Katsuro},
  journal={IEEE Transactions on Software Engineering},
  volume={28},
  number={7},
  pages={654--670},
  year={2002},
  publisher={IEEE}
}

@book{demeyer2009object,
  title={Object-oriented Reengineering Patterns},
  author={Demeyer, Serge and Ducasse, St{\'e}phane and Nierstrasz, Oscar},
  isbn={9783952334126},
  year={2009},
  publisher={Square Bracket Associates}
}
@misc{jfreechart,
  title = {\textsf{JFreeChart} Homepage},
  howpublished = {\url{http://www.jfree.org/jfreechart/}},
  note = {Accessed: 2019-04-24}
}
@misc{gource,
  title = {\textsf{Gource} Homepage},
  howpublished = {\url{https://gource.io/}},
  note = {Accessed: 2019-04-24}
}
@misc{codescene,
  title = {\textsf{CodeScene} Homepage},
  howpublished = {\url{https://codescene.io/}},
  note = {Accessed: 2019-04-24}
}
@misc{cobertura,
  title = {\textsf{Cobertura} Homepage},
  howpublished = {\url{https://cobertura.github.io/cobertura/}},
  note = {Accessed: 2019-04-24}
}
